<record><leader>00000cas a2200000 a 4500</leader><controlfield tag="001">12713260</controlfield><controlfield tag="008">851024d19521955ksuwr ne      0    0eng d</controlfield><datafield ind1=" " ind2=" " tag="010"><subfield code="a">sn 85032811 </subfield></datafield><datafield ind1=" " ind2=" " tag="040"><subfield code="a">KSH</subfield><subfield code="b">eng</subfield><subfield code="c">KSH</subfield><subfield code="d">NPT</subfield><subfield code="d">OCL</subfield><subfield code="d">OCLCQ</subfield></datafield><datafield ind1=" " ind2=" " tag="042"><subfield code="a">msc</subfield></datafield><datafield ind1="0" ind2="4" tag="245"><subfield code="a">The Brewster booster.</subfield></datafield><datafield ind1=" " ind2=" " tag="260"><subfield code="a">Brewster, Kan. :</subfield><subfield code="b">A.R. Spurrier, et al,</subfield><subfield code="c">1952-1955.</subfield></datafield><datafield ind1=" " ind2=" " tag="300"><subfield code="a">3 v. :</subfield><subfield code="b">ill.</subfield></datafield><datafield ind1=" " ind2=" " tag="310"><subfield code="a">Weekly</subfield></datafield><datafield ind1="0" ind2=" " tag="362"><subfield code="a">Vol. 1, no. 1 (Nov. 13, 1952)-v. 3, no. 10 (Jan. 13, 1955).</subfield></datafield><datafield ind1=" " ind2=" " tag="500"><subfield code="a">Published by Norman J. Spurrier, Jan. 29, 1953-Jan. 13, 1955.</subfield></datafield><datafield ind1=" " ind2=" " tag="752"><subfield code="a">United States</subfield><subfield code="b">Kansas</subfield><subfield code="c">Thomas</subfield><subfield code="d">Brewster.</subfield></datafield><datafield ind1="0" ind2="4" tag="785"><subfield code="t">Colby free press-tribune</subfield><subfield code="w">(OCoLC)8776214</subfield></datafield><datafield ind1="1" ind2=" " tag="029"><subfield code="a">AU@</subfield><subfield code="b">000022167201</subfield></datafield></record>